<?xml version="1.0" encoding="UTF-8"?><record xmlns="http://www.loc.gov/MARC21/slim" xmlns:cinclude="http://apache.org/cocoon/include/1.0" xmlns:zs="http://www.loc.gov/zing/srw/">
  <leader>00551cz  a2200145n  4500</leader>
  <controlfield tag="001">n  88276704 </controlfield>
  <controlfield tag="003">DLC</controlfield>
  <controlfield tag="005">20160713164936.0</controlfield>
  <controlfield tag="008">881212n| azannaabn          |n aaa      </controlfield>
  <datafield tag="010" ind1=" " ind2=" ">
    <subfield code="a">n  88276704 </subfield>
  </datafield>
  <datafield tag="035" ind1=" " ind2=" ">
    <subfield code="a">(OCoLC)oca02421517</subfield>
  </datafield>
  <datafield tag="040" ind1=" " ind2=" ">
    <subfield code="a">DLC</subfield>
    <subfield code="b">eng</subfield>
    <subfield code="e">rda</subfield>
    <subfield code="c">DLC</subfield>
    <subfield code="d">DLC</subfield>
    <subfield code="d">NcD</subfield>
    <subfield code="d">DLC</subfield>
  </datafield>
  <datafield tag="100" ind1="1" ind2=" ">
    <subfield code="a">Ford, Isabella,</subfield>
    <subfield code="d">1855-1924</subfield>
  </datafield>
  <datafield tag="670" ind1=" " ind2=" ">
    <subfield code="a">Hannam, J. Isabella Ford, c1989:</subfield>
    <subfield code="b">CIP t.p. (Isabella Ford) galley (born in Leeds, 1855; d. 1924)</subfield>
  </datafield>
  <datafield tag="670" ind1=" " ind2=" ">
    <subfield code="a">Ford, Isabella. Women's wages, and the conditions under which they are earned, 1893:</subfield>
    <subfield code="b">title page (Isabella O. Ford)</subfield>
  </datafield>
</record>